@article{Kochunas2017FourierSections,
    title = {{Fourier analysis of iteration schemes for k-eigenvalue transport problems with flux-dependent cross sections}},
    year = {2017},
    journal = {Journal of Computational Physics},
    author = {Kochunas, Brendan and Fitzgerald, Andrew and Larsen, Edward},
    pages = {294--307},
    volume = {345},
    publisher = {Elsevier Inc.},
    issn = {10902716},
    keywords = {Coupled physics, Fourier analysis, Iterative convergence, Neutron transport}
}

@article{yee2019multilevel,
  title={A Multilevel in Space and Energy Solver for 3-D Multigroup Diffusion and Coarse-Mesh Finite Difference Eigenvalue Problems},
  author={Yee, Ben C and Kochunas, Brendan and Larsen, Edward W},
  journal={Nuclear Science and Engineering},
  pages={1--24},
  year={2019},
  publisher={Taylor \& Francis}
}
@article{Zhu2016b,
    title = {{An optimally diffusive Coarse Mesh Finite Difference method to accelerate neutron transport calculations}},
    year = {2016},
    journal = {Annals of Nuclear Energy},
    author = {Zhu, Ang and Jarrett, Michael and Xu, Yunlin and Kochunas, Brendan and Larsen, Edward and Downar, Thomas},
    month = {9},
    pages = {116--124},
    volume = {95},
    doi = {10.1016/j.anucene.2016.05.004},
    issn = {18732100},
    keywords = {CMFD, Fourier analysis, Neutron transport, odCMFD, pCMFD}
}
@incollection{kastenberg1969stability,
  title={Stability analysis of nonlinear space dependent reactor kinetics},
  author={KASTENBERG, WILLIAM E},
  booktitle={Advances in nuclear science and technology},
  pages={51--93},
  year={1969},
  publisher={Elsevier}
}